% This file was created with JabRef 2.7b.
% Encoding: UTF-8

@MISC{wiki:task_analysis,
  author = {Wikipedia},
  title = {Task analysis --- {W}ikipedia{,} The Free Encyclopedia},
  howpublished = {\url{http://en.wikipedia.org/wiki/Task_analysis}},
  note = {[Πρόσβαση στις 24 Μαΐου 2014]},
  timestamp = {2014.05.24},
  url = {http://en.wikipedia.org/wiki/Task_analysis}
}

@MISC{wiki:life_cycle,
  author = {Wikipedia},
  title = {Systems development life cycle --- {W}ikipedia{,} The Free Encyclopedia},
  howpublished = {\url{http://en.wikipedia.org/wiki/Systems_development_life_cycle}},
  note = {[Πρόσβαση στις 24 Μαΐου 2014]},
  timestamp = {2014.06.16},
  url = {http://en.wikipedia.org/wiki/Systems_development_life_cycle}
}



@MISC{class_notes,
  author = {Μαρία Βίρβου},
  title = {Σημειώσεις διδασκαλίας για το μάθημα "Αλληλεπίδραση ανρθώπου υπολογιστή"},
  howpublished = {Σημειώσεις μαθήματος},
  year = {2013},
  institution = {Πανεπιστήμιο Πειραιώς}
}
